@book{lee2006riemannian,
  title={Riemannian manifolds: an introduction to curvature},
  author={Lee, John M},
  volume={176},
  year={2006},
  publisher={Springer Science \& Business Media}
}
@article{michor2003riemannian,
  title={Riemannian geometries on spaces of plane curves},
  author={Michor, Peter W and Mumford, David},
  journal={arXiv preprint math/0312384},
  year={2003}
}
@article{cervera1991action,
  title={The action of the diffeomorphism group on the space of immersions},
  author={Cervera, Vicente and Mascaro, Francisca and Michor, Peter W},
  journal={Differential Geometry and its Applications},
  volume={1},
  number={4},
  pages={391--401},
  year={1991},
  publisher={Elsevier}
}
@article{bauer2014overview,
  title={Overview of the geometries of shape spaces and diffeomorphism groups},
  author={Bauer, Martin and Bruveris, Martins and Michor, Peter W},
  journal={Journal of Mathematical Imaging and Vision},
  volume={50},
  number={1-2},
  pages={60--97},
  year={2014},
  publisher={Springer}
}
@book{kriegl1997convenient,
  title={The convenient setting of global analysis},
  author={Kriegl, Andreas and Michor, Peter W},
  volume={53},
  year={1997},
  publisher={American Mathematical Soc.}
}
@article{karcher1977center,
  title={Riemannian Center of Mass and Mollifier Smoothing},
  author={Karcher, Hermann},
  journal={Communications on pure and applied mathematics},
  volume={30},
  pager={509--541},
  year={1977}
}
@article{kendall1990probability,
author = {Kendall, Wilfrid S.},
title = {Probability, Convexity, and Harmonic Maps with Small Image I: Uniqueness and Fine Existence},
journal = {Proceedings of the London Mathematical Society},
volume = {s3-61},
number = {2},
pages = {371-406},
year = {1990}
}
@article{pennec2006intrinsic,
author="Pennec, Xavier",
title="Intrinsic Statistics on Riemannian Manifolds: Basic Tools for Geometric Measurements",
journal="Journal of Mathematical Imaging and Vision",
year="2006",
volume="25",
number="1",
pages="127"
}
@article{kendall1992propeller,
author = {Kendall, Wilfrid},
year = {1992},
month = {10},
pages = {},
title = {The Propeller: A Counterexample to a Conjectured Criterion for the Existence of Certain Convex Functions},
volume = {s2-46},
journal = {Journal of the London Mathematical Society}
}
@article{bauer2010almost,
author = {Bauer, Martin and Harms, Philipp and Michor, Peter},
year = {2010},
title = {Almost Local Metrics on Shape Space of Hypersurfaces in n-Space},
journal = {Siam Journal on Imaging Sciences},
volume = {5},
number = {1}
}
@article{shah2007h0type,
author = {Shah, Jayant},
year = {2007},
title = {H0-type Riemannian metrics on the space of planar curves},
journal = {Quarterly of applied mathematics},
volume = {66},
numer = {1},
pages = {123--137}
}