%% LaTeX2e file `bibtest.bib'
%% generated by the `filecontents' environment
%% from source `master' on 2018/09/17.
%%
@book{Clarke,
  title={Functional Analysis, Calculus of Variations and Optimal Control},
  author={Francis Clarke},
  volume={1},
  year={2013},
  publisher={Springer-Verlag London}
}
@book{Hansen,
  title={Measure Theory},
  author={Ernst Hansen},
  volume={4},
  year={2009},
  publisher={Department of Mathematical Sciences, University of Copenhagen}
}
@article{Topsoee,
  title={Compactness in spaces of measures},
  author={Flemming Topsøe},
  journal={Studia Mathematica},
  volume={36},
  number={3},
  year={1970},
  pages={195--212}
}
@book{Topsoee2,
  title={Topology and measure},
  author={Flemming Topsøe},
  volume={1},
  year={1970},
  publisher={Springer-Verlag, Berlin}
}
@article{Strassen,
  title={The existence of probability measures with given marginals},
  author={Strassen, Volker},
  journal={The Annals of Mathematical Statistics},
  volume={36},
  number={2},
  year={1965},
  pages={423--439}
}
@book{Hoffmann,
  title={Probability in Banach space},
  author={Jørgen Hoffmann-Jørgensen},
  volume={},
  year={1977},
  publisher={Springer}
}
@book{Rudin,
  title={Real and complex analysis},
  author={Walter Rudin},
  volume={3},
  year={1987},
  publisher={McGraw-Hill, Inc.}
}
@book{Rudin2,
  title={Functional analysis},
  author={Walter Rudin},
  volume={2},
  year={1991},
  publisher={McGraw-Hill, Inc.}
}
@book{Aliprantis,
  title={Infinite Dimensional Analysis: A Hitchhiker's Guide},
  author={Charalambos D. Aliprantis and Kim C. Border},
  volume={3},
  year={2006},
  publisher={Springer-Verlag Berlin}
}
@article{Lindvall,
  title={On Strassen's Theorem on stochastic domination},
  author={Torgny Lindvall},
  journal={Electronic Communications in Probability},
  volume={4},
  number={7},
  year={1999},
  pages={51--59}
}
@book{Billingsley,
  title={Convergence of Probability Measures},
  author={Patrick Billingsley},
  volume={2},
  year={2013},
  publisher={John Wiley and Sons}
}
@article{Kamae,
  title={Stochastic inequalities on partially ordered spaces},
  author={Teturo Kamae and Ulrich Krengel and George L. O'Brien},
  journal={The Annals of Probability},
  volume={5},
  number={6},
  year={1977},
  pages={899--912}
}
@book{Sokol,
  title={Advanced Probability},
  author={Alexander Sokol and Anders Rønn-Nielsen},
  volume={4},
  year={2016},
  publisher={Department of Mathematical Sciences, University of Copenhagen}
}
@book{Bladt,
  title={Matrix–exponential distributions in Applied Probability},
  author={Mogens Bladt and Bo Friis Nielsen},
  volume={1},
  year={2017},
  publisher={Springer (Pending)}
}
@article{Rosenblum,
  title={Simple Examples of Estimating Causal Effects Using Targeted Maximum Likelihood Estimation},
  author={Michael Rosenblum and Mark J. van der Laan},
  journal={U.C. Berkeley Division of Biostatistics Working Paper Series},
  volume={Working Paper 262},
  year={2010}
}
@Inbook{Kennedy,
author="Kennedy, Edward H.",
editor="He, Hua
and Wu, Pan
and Chen, Ding-Geng (Din)",
title="Semiparametric Theory and Empirical Processes in Causal Inference",
bookTitle="Statistical Causal Inferences and Their Applications in Public Health Research",
year="2016",
publisher="Springer International Publishing",
address="Cham",
pages="141--167",
isbn="978-3-319-41259-7",
doi="10.1007/978-3-319-41259-7_8",
url="https://doi.org/10.1007/978-3-319-41259-7_8"
}
@book{TargetedLearning,
  title={Targeted Learning in Data Science},
  author={Mark J. van der Laan and Sherri Rose},
  volume={1},
  year={2011},
  publisher={Springer}
}
@article{Wikkelsoee,
  title={Prediction of postpartum blood transfusion -- risk factors and recurrence.},
  author={AJ Wikkelsøe and S Hjortøe and TA Gerds and AM Møller and J Langhoff-Roos},
  journal={The journal of maternal-fetal and neonatal medicine},
  volume={27},
  number={16},
  year={2014}
}
@book{Causality,
  title={Elements of causal inference},
  author={Jonas Peters and Dominik Janzing and Bernhard Schölkopf},
  volume={1},
  year={2017},
  publisher={MIT Press}
}
@book{Asymptotic,
  title={Asymptotic Statistics},
  author={A. W. Van der Vaart},
  volume={3},
  year={2000},
  publisher={Cambridge University Press}
}
@article{PPHcause,
  title={Recent Advances in the Management of Major Postpartum Haemorrhage - A Review},
  author={P Reddi Rani1 and Jasmina Begum},
  journal={Journal of Clinical and Diagnostic Research},
  volume={11},
  number={2},
  year={2017}
}
@Manual{SuperLearner,
    title = {SuperLearner: Super Learner Prediction},
    author = {Eric Polley and Erin LeDell and Chris Kennedy and Mark {van der Laan}},
    year = {2018},
    note = {R package version 2.0-23},
    url = {https://CRAN.R-project.org/package=SuperLearner}
}
@Article{tmle,
    title = {{tmle}: An {R} Package for  Targeted Maximum Likelihood Estimation},
    author = {Susan Gruber and Mark J. {van der Laan}},
    journal = {Journal of Statistical Software},
    year = {2012},
    volume = {51},
    number = {13},
    pages = {1--35},
    url = {http://www.jstatsoft.org/v51/i13/},
}



